<?xml version="1.0" encoding="UTF-8"?><collection xmlns="http://www.loc.gov/MARC21/slim"><record><leader>00368nam--2200133-i-4500</leader><controlfield tag="001">000019009</controlfield><controlfield tag="002">20161230</controlfield><controlfield tag="005">20161230201033</controlfield><controlfield tag="008">060222s1000------------r-----000-0-eng-d</controlfield><datafield ind1=" " ind2=" " tag="080"><subfield code="a">621.38</subfield></datafield><datafield ind1=" " ind2=" " tag="245"><subfield code="a">Conference on integrated circuits.2nd-4th may 1967, eastbourne, sussex</subfield></datafield><datafield ind1=" " ind2=" " tag="260"><subfield code="a">London, I.E.E., 1967. 297 P</subfield></datafield><datafield ind1=" " ind2=" " tag="490"><subfield code="a">Iee Conference Publication</subfield></datafield><datafield ind1=" " ind2=" " tag="852"><subfield code="a">28424</subfield></datafield></record></collection>